1CClientBankExchange
ВерсияФормата=1.02
Кодировка=Windows
Отправитель=Tinkoff
Получатель=Иванов Иван Иванович
ДатаСоздания=16.04.2024
ВремяСоздания=15:36:40
ДатаНачала=01.04.2024
ДатаКонца=16.04.2024
РасчСчет=40802000000000000043
СекцияРасчСчет
ДатаНачала=01.04.2024
ДатаКонца=16.04.2024
РасчСчет=40802000000000000043
НачальныйОстаток=0
ВсегоПоступило=67770
ВсегоСписано=0
КонечныйОстаток=67770
КонецРасчСчет

СекцияДокумент=Банковский ордер
Номер=481544
Дата=13.04.2024
Сумма=100
ДатаСписано=13.04.2024
Плательщик=Петров Петр Петрович
Плательщик1=Петров Петр Петрович
ПлательщикСчет=40911000000000000004
ПлательщикИНН=7700000008
ПлательщикРасчСчет=40911000000000000004
ПлательщикКорсчет=30101000000000000005
ПлательщикБИК=044525225
ПлательщикБанк1=ПАО Сбербанк
Получатель=Сидоров Сидор Сидорович
Получатель1=Сидоров Сидор Сидорович
ПолучательСчет=40802000000000000043
ПолучательИНН=260000000019
ПолучательРасчСчет=40802000000000000043
ПолучательКорсчет=30101000000000000008
ПолучательБИК=044525974
ПолучательБанк1=АО "ТИНЬКОФФ БАНК"
ПолучательКПП=3
ВидОплаты=17
НазначениеПлатежа=Оплата по договору
Очередность=5
КонецДокумента

СекцияДокумент=Банковский ордер
Номер=481542
Дата=13.04.2024
Сумма=1000
ДатаСписано=13.04.2024
Плательщик=Петрова Галина Леонидовна
Плательщик1=Петрова Галина Леонидовна
ПлательщикСчет=30233000000000000041
ПлательщикИНН=7700000018
ПлательщикРасчСчет=30233000000000000041
ПлательщикКорсчет=30101000000000000011
ПлательщикБИК=044525593
ПлательщикБанк1=АО "АЛЬФА-БАНК"
Получатель=Сидоров Сидор Сидорович
Получатель1=Сидоров Сидор Сидорович
ПолучательСчет=40802000000000000043
ПолучательИНН=260000000019
ПолучательРасчСчет=40802000000000000043
ПолучательКорсчет=30101000000000000008
ПолучательБИК=044525974
ПолучательБанк1=АО "ТИНЬКОФФ БАНК"
ПолучательКПП=3
ВидОплаты=17
НазначениеПлатежа=Перевод средств
Очередность=5
КонецДокумента




СекцияДокумент=Банковский ордер
Номер=4815425
Дата=13.04.2024
Сумма=50000
ДатаСписано=13.04.2024
Плательщик=Кузнецова Мария Сергеевна
Плательщик1=Кузнецова Мария Сергеевна
ПлательщикСчет=30233000000000000015
ПлательщикИНН=7700000008
ПлательщикРасчСчет=30233000000000000015
ПлательщикКорсчет=30101000000000000016
ПлательщикБИК=042202603
ПлательщикБанк1=ВОЛГО-ВЯТСКИЙ БАНК ПАО СБЕРБАНК
Получатель=Сидоров Сидор Сидорович
Получатель1=Сидоров Сидор Сидорович
ПолучательСчет=40802000000000000043
ПолучательИНН=260000000019
ПолучательРасчСчет=40802000000000000043
ПолучательКорсчет=30101000000000000008
ПолучательБИК=044525974
ПолучательБанк1=АО "ТИНЬКОФФ БАНК"
ПолучательКПП=3
ВидОплаты=17
НазначениеПлатежа=Тестовая операция
Очередность=5
КонецДокумента


СекцияДокумент=Банковский ордер
Номер=481546
Дата=13.04.2024
Сумма=2000
ДатаСписано=13.04.2024
Плательщик=Петров Петр Петрович
Плательщик1=Петров Петр Петрович
ПлательщикСчет=40911000000000000020
ПлательщикИНН=7700000008
ПлательщикРасчСчет=40911000000000000020
ПлательщикКорсчет=30101000000000000005
ПлательщикБИК=044525225
ПлательщикБанк1=ПАО Сбербанк
Получатель=Сидоров Сидор Сидорович
Получатель1=Сидоров Сидор Сидорович
ПолучательСчет=40802000000000000043
ПолучательИНН=260000000019
ПолучательРасчСчет=40802000000000000043
ПолучательКорсчет=30101000000000000008
ПолучательБИК=044525974
ПолучательБанк1=АО "ТИНЬКОФФ БАНК"
ПолучательКПП=3
ВидОплаты=17
НазначениеПлатежа=Услуги
Очередность=5
КонецДокумента

СекцияДокумент=Банковский ордер
Номер=4815428
Дата=13.04.2024
Сумма=670
ДатаСписано=13.04.2024
Плательщик=Смирнов Алексей Алексеевич
Плательщик1=Смирнов Алексей Алексеевич
ПлательщикСчет=47422000000000000024
ПлательщикИНН=7800000010
ПлательщикРасчСчет=47422000000000000024
ПлательщикКорсчет=30101000000000000025
ПлательщикБИК=044030852
ПлательщикБанк1=АО БАНК "ПСКБ"
Получатель=Сидоров Сидор Сидорович
Получатель1=Сидоров Сидор Сидорович
ПолучательСчет=40802000000000000043
ПолучательИНН=260000000019
ПолучательРасчСчет=40802000000000000043
ПолучательКорсчет=30101000000000000008
ПолучательБИК=044525974
ПолучательБанк1=АО "ТИНЬКОФФ БАНК"
ПолучательКПП=3
ВидОплаты=17
НазначениеПлатежа=Платеж за услуги
Очередность=5
КонецДокумента

СекцияДокумент=Банковский ордер
Номер=481551
Дата=13.04.2024
Сумма=1000
ДатаСписано=13.04.2024
Плательщик=Петрова Галина Леонидовна
Плательщик1=Петрова Галина Леонидовна
ПлательщикСчет=30233000000000000041
ПлательщикИНН=7700000018
ПлательщикРасчСчет=30233000000000000041
ПлательщикКорсчет=30101000000000000011
ПлательщикБИК=044525593
ПлательщикБанк1=АО "АЛЬФА-БАНК"
Получатель=Сидоров Сидор Сидорович
Получатель1=Сидоров Сидор Сидорович
ПолучательСчет=40802000000000000043
ПолучательИНН=260000000019
ПолучательРасчСчет=40802000000000000043
ПолучательКорсчет=30101000000000000008
ПолучательБИК=044525974
ПолучательБанк1=АО "ТИНЬКОФФ БАНК"
ПолучательКПП=3
ВидОплаты=17
НазначениеПлатежа=Погашение задолженности
Очередность=5
КонецДокумента

СекцияДокумент=Банковский ордер
Номер=481552
Дата=13.04.2024
Сумма=10000
ДатаСписано=13.04.2024
Плательщик=Петрова Галина Леонидовна
Плательщик1=Петрова Галина Леонидовна
ПлательщикСчет=30233000000000000041
ПлательщикИНН=7700000018
ПлательщикРасчСчет=30233000000000000041
ПлательщикКорсчет=30101000000000000011
ПлательщикБИК=044525593
ПлательщикБанк1=АО "АЛЬФА-БАНК"
Получатель=Сидоров Сидор Сидорович
Получатель1=Сидоров Сидор Сидорович
ПолучательСчет=40802000000000000043
ПолучательИНН=260000000019
ПолучательРасчСчет=40802000000000000043
ПолучательКорсчет=30101000000000000008
ПолучательБИК=044525974
ПолучательБанк1=АО "ТИНЬКОФФ БАНК"
ПолучательКПП=3
ВидОплаты=17
НазначениеПлатежа=Возврат средств
Очередность=5
КонецДокумента

СекцияДокумент=Банковский ордер
Номер=481553
Дата=13.04.2024
Сумма=1000
ДатаСписано=13.04.2024
Плательщик=Петрова Галина Леонидовна
Плательщик1=Петрова Галина Леонидовна
ПлательщикСчет=30233000000000000041
ПлательщикИНН=7700000018
ПлательщикРасчСчет=30233000000000000041
ПлательщикКорсчет=30101000000000000011
ПлательщикБИК=044525593
ПлательщикБанк1=АО "АЛЬФА-БАНК"
Получатель=Сидоров Сидор Сидорович
Получатель1=Сидоров Сидор Сидорович
ПолучательСчет=40802000000000000043
ПолучательИНН=260000000019
ПолучательРасчСчет=40802000000000000043
ПолучательКорсчет=30101000000000000008
ПолучательБИК=044525974
ПолучательБанк1=АО "ТИНЬКОФФ БАНК"
ПолучательКПП=3
ВидОплаты=17
НазначениеПлатежа=Тестовый платеж
Очередность=5
КонецДокумента

СекцияДокумент=Банковский ордер
Номер=481554
Дата=13.04.2024
Сумма=1000
ДатаСписано=13.04.2024
Плательщик=Петрова Галина Леонидовна
Плательщик1=Петрова Галина Леонидовна
ПлательщикСчет=30233000000000000041
ПлательщикИНН=7700000018
ПлательщикРасчСчет=30233000000000000041
ПлательщикКорсчет=30101000000000000011
ПлательщикБИК=044525593
ПлательщикБанк1=АО "АЛЬФА-БАНК"
Получатель=Сидоров Сидор Сидорович
Получатель1=Сидоров Сидор Сидорович
ПолучательСчет=40802000000000000043
ПолучательИНН=260000000019
ПолучательРасчСчет=40802000000000000043
ПолучательКорсчет=30101000000000000008
ПолучательБИК=044525974
ПолучательБанк1=АО "ТИНЬКОФФ БАНК"
ПолучательКПП=3
ВидОплаты=17
НазначениеПлатежа=Авансовый платеж
Очередность=5
КонецДокумента

КонецФайла
