1CClientBankExchange
ВерсияФормата=1.03
Кодировка=Windows
Отправитель=Сбербанк Бизнес Онлайн
Получатель=Иванов Иван Иванович
ДатаСоздания=16.05.2024
ВремяСоздания=14:36:45
ДатаНачала=01.04.2024
ДатаКонца=16.05.2024
РасчСчет=40802000000000000055
СекцияРасчСчет
ДатаНачала=01.04.2024
ДатаКонца=01.04.2024
НачальныйОстаток=49
РасчСчет=40802000000000000055
ВсегоСписано=0
ВсегоПоступило=0
КонечныйОстаток=49
КонецРасчСчет
СекцияРасчСчет
ДатаНачала=02.04.2024
ДатаКонца=02.04.2024
НачальныйОстаток=49
РасчСчет=40802000000000000055
ВсегоСписано=0
ВсегоПоступило=0
КонечныйОстаток=49
КонецРасчСчет
СекцияРасчСчет
ДатаНачала=03.04.2024
ДатаКонца=03.04.2024
НачальныйОстаток=49
РасчСчет=40802000000000000055
ВсегоСписано=0
ВсегоПоступило=0
КонечныйОстаток=49
КонецРасчСчет
СекцияРасчСчет
ДатаНачала=04.04.2024
ДатаКонца=04.04.2024
НачальныйОстаток=49
РасчСчет=40802000000000000055
ВсегоСписано=0
ВсегоПоступило=0
КонечныйОстаток=49
КонецРасчСчет
СекцияРасчСчет
ДатаНачала=05.04.2024
ДатаКонца=05.04.2024
НачальныйОстаток=49
РасчСчет=40802000000000000055
ВсегоСписано=0
ВсегоПоступило=0
КонечныйОстаток=49
КонецРасчСчет
СекцияРасчСчет
ДатаНачала=06.04.2024
ДатаКонца=06.04.2024
НачальныйОстаток=49
РасчСчет=40802000000000000055
ВсегоСписано=0
ВсегоПоступило=0
КонечныйОстаток=49
КонецРасчСчет
СекцияРасчСчет
ДатаНачала=07.04.2024
ДатаКонца=07.04.2024
НачальныйОстаток=49
РасчСчет=40802000000000000055
ВсегоСписано=0
ВсегоПоступило=0
КонечныйОстаток=49
КонецРасчСчет
СекцияРасчСчет
ДатаНачала=08.04.2024
ДатаКонца=08.04.2024
НачальныйОстаток=49
РасчСчет=40802000000000000055
ВсегоСписано=0
ВсегоПоступило=0
КонечныйОстаток=49
КонецРасчСчет
СекцияРасчСчет
ДатаНачала=09.04.2024
ДатаКонца=09.04.2024
НачальныйОстаток=49
РасчСчет=40802000000000000055
ВсегоСписано=0
ВсегоПоступило=0
КонечныйОстаток=49
КонецРасчСчет
СекцияРасчСчет
ДатаНачала=10.04.2024
ДатаКонца=10.04.2024
НачальныйОстаток=49
РасчСчет=40802000000000000055
ВсегоСписано=0
ВсегоПоступило=0
КонечныйОстаток=49
КонецРасчСчет
СекцияРасчСчет
ДатаНачала=11.04.2024
ДатаКонца=11.04.2024
НачальныйОстаток=49
РасчСчет=40802000000000000055
ВсегоСписано=0
ВсегоПоступило=0
КонечныйОстаток=49
КонецРасчСчет
СекцияРасчСчет
ДатаНачала=12.04.2024
ДатаКонца=12.04.2024
НачальныйОстаток=49
РасчСчет=40802000000000000055
ВсегоСписано=0
ВсегоПоступило=0
КонечныйОстаток=49
КонецРасчСчет
СекцияРасчСчет
ДатаНачала=13.04.2024
ДатаКонца=13.04.2024
НачальныйОстаток=49
РасчСчет=40802000000000000055
ВсегоСписано=0
ВсегоПоступило=0
КонечныйОстаток=49
КонецРасчСчет
СекцияРасчСчет
ДатаНачала=14.04.2024
ДатаКонца=14.04.2024
НачальныйОстаток=49
РасчСчет=40802000000000000055
ВсегоСписано=0
ВсегоПоступило=0
КонечныйОстаток=49
КонецРасчСчет
СекцияРасчСчет
ДатаНачала=15.04.2024
ДатаКонца=15.04.2024
НачальныйОстаток=49
РасчСчет=40802000000000000055
ВсегоСписано=0
ВсегоПоступило=0
КонечныйОстаток=49
КонецРасчСчет
СекцияРасчСчет
ДатаНачала=16.04.2024
ДатаКонца=16.04.2024
НачальныйОстаток=49
РасчСчет=40802000000000000055
ВсегоСписано=0
ВсегоПоступило=0
КонечныйОстаток=49
КонецРасчСчет
СекцияРасчСчет
ДатаНачала=17.04.2024
ДатаКонца=17.04.2024
НачальныйОстаток=49
РасчСчет=40802000000000000055
ВсегоСписано=0
ВсегоПоступило=0
КонечныйОстаток=49
КонецРасчСчет
СекцияРасчСчет
ДатаНачала=18.04.2024
ДатаКонца=18.04.2024
НачальныйОстаток=49
РасчСчет=40802000000000000055
ВсегоСписано=0
ВсегоПоступило=0
КонечныйОстаток=49
КонецРасчСчет
СекцияРасчСчет
ДатаНачала=19.04.2024
ДатаКонца=19.04.2024
НачальныйОстаток=49
РасчСчет=40802000000000000055
ВсегоСписано=0
ВсегоПоступило=0
КонечныйОстаток=49
КонецРасчСчет
СекцияРасчСчет
ДатаНачала=20.04.2024
ДатаКонца=20.04.2024
НачальныйОстаток=49
РасчСчет=40802000000000000055
ВсегоСписано=0
ВсегоПоступило=0
КонечныйОстаток=49
КонецРасчСчет
СекцияРасчСчет
ДатаНачала=21.04.2024
ДатаКонца=21.04.2024
НачальныйОстаток=49
РасчСчет=40802000000000000055
ВсегоСписано=0
ВсегоПоступило=0
КонечныйОстаток=49
КонецРасчСчет
СекцияРасчСчет
ДатаНачала=22.04.2024
ДатаКонца=22.04.2024
НачальныйОстаток=49
РасчСчет=40802000000000000055
ВсегоСписано=0
ВсегоПоступило=0
КонечныйОстаток=49
КонецРасчСчет
СекцияРасчСчет
ДатаНачала=23.04.2024
ДатаКонца=23.04.2024
НачальныйОстаток=49
РасчСчет=40802000000000000055
ВсегоСписано=0
ВсегоПоступило=0
КонечныйОстаток=49
КонецРасчСчет
СекцияРасчСчет
ДатаНачала=24.04.2024
ДатаКонца=24.04.2024
НачальныйОстаток=49
РасчСчет=40802000000000000055
ВсегоСписано=0
ВсегоПоступило=0
КонечныйОстаток=49
КонецРасчСчет
СекцияРасчСчет
ДатаНачала=25.04.2024
ДатаКонца=25.04.2024
НачальныйОстаток=49
РасчСчет=40802000000000000055
ВсегоСписано=0
ВсегоПоступило=0
КонечныйОстаток=49
КонецРасчСчет
СекцияРасчСчет
ДатаНачала=26.04.2024
ДатаКонца=26.04.2024
НачальныйОстаток=49
РасчСчет=40802000000000000055
ВсегоСписано=0
ВсегоПоступило=158654.52
КонечныйОстаток=158703.52
КонецРасчСчет
СекцияРасчСчет
ДатаНачала=27.04.2024
ДатаКонца=27.04.2024
НачальныйОстаток=158703.52
РасчСчет=40802000000000000055
ВсегоСписано=140000
ВсегоПоступило=0
КонечныйОстаток=18703.52
КонецРасчСчет
СекцияРасчСчет
ДатаНачала=28.04.2024
ДатаКонца=28.04.2024
НачальныйОстаток=18703.52
РасчСчет=40802000000000000055
ВсегоСписано=0
ВсегоПоступило=0
КонечныйОстаток=18703.52
КонецРасчСчет
СекцияРасчСчет
ДатаНачала=29.04.2024
ДатаКонца=29.04.2024
НачальныйОстаток=18703.52
РасчСчет=40802000000000000055
ВсегоСписано=0
ВсегоПоступило=0
КонечныйОстаток=18703.52
КонецРасчСчет
СекцияРасчСчет
ДатаНачала=30.04.2024
ДатаКонца=30.04.2024
НачальныйОстаток=18703.52
РасчСчет=40802000000000000055
ВсегоСписано=0
ВсегоПоступило=0
КонечныйОстаток=18703.52
КонецРасчСчет
СекцияРасчСчет
ДатаНачала=01.05.2024
ДатаКонца=01.05.2024
НачальныйОстаток=18703.52
РасчСчет=40802000000000000055
ВсегоСписано=0
ВсегоПоступило=0
КонечныйОстаток=18703.52
КонецРасчСчет
СекцияРасчСчет
ДатаНачала=02.05.2024
ДатаКонца=02.05.2024
НачальныйОстаток=18703.52
РасчСчет=40802000000000000055
ВсегоСписано=0
ВсегоПоступило=0
КонечныйОстаток=18703.52
КонецРасчСчет
СекцияРасчСчет
ДатаНачала=03.05.2024
ДатаКонца=03.05.2024
НачальныйОстаток=18703.52
РасчСчет=40802000000000000055
ВсегоСписано=0
ВсегоПоступило=0
КонечныйОстаток=18703.52
КонецРасчСчет
СекцияРасчСчет
ДатаНачала=04.05.2024
ДатаКонца=04.05.2024
НачальныйОстаток=18703.52
РасчСчет=40802000000000000055
ВсегоСписано=0
ВсегоПоступило=0
КонечныйОстаток=18703.52
КонецРасчСчет
СекцияРасчСчет
ДатаНачала=05.05.2024
ДатаКонца=05.05.2024
НачальныйОстаток=18703.52
РасчСчет=40802000000000000055
ВсегоСписано=0
ВсегоПоступило=0
КонечныйОстаток=18703.52
КонецРасчСчет
СекцияРасчСчет
ДатаНачала=06.05.2024
ДатаКонца=06.05.2024
НачальныйОстаток=18703.52
РасчСчет=40802000000000000055
ВсегоСписано=0
ВсегоПоступило=0
КонечныйОстаток=18703.52
КонецРасчСчет
СекцияРасчСчет
ДатаНачала=07.05.2024
ДатаКонца=07.05.2024
НачальныйОстаток=18703.52
РасчСчет=40802000000000000055
ВсегоСписано=0
ВсегоПоступило=0
КонечныйОстаток=18703.52
КонецРасчСчет
СекцияРасчСчет
ДатаНачала=08.05.2024
ДатаКонца=08.05.2024
НачальныйОстаток=18703.52
РасчСчет=40802000000000000055
ВсегоСписано=0
ВсегоПоступило=0
КонечныйОстаток=18703.52
КонецРасчСчет
СекцияРасчСчет
ДатаНачала=09.05.2024
ДатаКонца=09.05.2024
НачальныйОстаток=18703.52
РасчСчет=40802000000000000055
ВсегоСписано=0
ВсегоПоступило=0
КонечныйОстаток=18703.52
КонецРасчСчет
СекцияРасчСчет
ДатаНачала=10.05.2024
ДатаКонца=10.05.2024
НачальныйОстаток=18703.52
РасчСчет=40802000000000000055
ВсегоСписано=0
ВсегоПоступило=0
КонечныйОстаток=18703.52
КонецРасчСчет
СекцияРасчСчет
ДатаНачала=11.05.2024
ДатаКонца=11.05.2024
НачальныйОстаток=18703.52
РасчСчет=40802000000000000055
ВсегоСписано=0
ВсегоПоступило=0
КонечныйОстаток=18703.52
КонецРасчСчет
СекцияРасчСчет
ДатаНачала=12.05.2024
ДатаКонца=12.05.2024
НачальныйОстаток=18703.52
РасчСчет=40802000000000000055
ВсегоСписано=0
ВсегоПоступило=0
КонечныйОстаток=18703.52
КонецРасчСчет
СекцияРасчСчет
ДатаНачала=13.05.2024
ДатаКонца=13.05.2024
НачальныйОстаток=18703.52
РасчСчет=40802000000000000055
ВсегоСписано=0
ВсегоПоступило=0
КонечныйОстаток=18703.52
КонецРасчСчет
СекцияРасчСчет
ДатаНачала=14.05.2024
ДатаКонца=14.05.2024
НачальныйОстаток=18703.52
РасчСчет=40802000000000000055
ВсегоСписано=0
ВсегоПоступило=0
КонечныйОстаток=18703.52
КонецРасчСчет
СекцияРасчСчет
ДатаНачала=15.05.2024
ДатаКонца=15.05.2024
НачальныйОстаток=18703.52
РасчСчет=40802000000000000055
ВсегоСписано=0
ВсегоПоступило=0
КонечныйОстаток=18703.52
КонецРасчСчет
СекцияРасчСчет
ДатаНачала=16.05.2024
ДатаКонца=16.05.2024
НачальныйОстаток=18703.52
РасчСчет=40802000000000000055
ВсегоСписано=0
ВсегоПоступило=0
КонечныйОстаток=18703.52
КонецРасчСчет
СекцияДокумент=Платежное поручение
Номер=643
Дата=26.04.2024
Сумма=158654.52
ПлательщикСчет=40702000000000000049
ДатаСписано=
Плательщик=Петров Петр Петрович
ПлательщикИНН=7800000001
ПлательщикКПП=5
ПлательщикРасчСчет=40702000000000000049
ПлательщикБанк1=Ф-Л "СЕВЕРНАЯ СТОЛИЦА" АО "РАЙФФАЙЗЕНБАНК", г.Санкт-Петербург
ПлательщикБИК=044030723
ПлательщикКорсчет=30101000000000000050
ПолучательСчет=40802000000000000055
ДатаПоступило=26.04.2024
Получатель=Сидоров Сидор Сидорович
ПолучательИНН=600000000004
ПолучательКПП=5
ПолучательРасчСчет=40802000000000000055
ПолучательБанк1=СЕВЕРО-ЗАПАДНЫЙ БАНК ПАО СБЕРБАНК, г.Санкт-Петербург
ПолучательБИК=044030653
ПолучательКорсчет=30101000000000000053
ВидПлатежа=электронно
ВидОплаты=01
Код=0
СтатусСоставителя=
ПоказательКБК=
ОКАТО=
ПоказательОснования=
ПоказательПериода=
ПоказательНомера=
ПоказательДаты=
ПоказательТипа=
Очередность=5
НазначениеПлатежа=Оплата по договору
КонецДокумента
СекцияДокумент=Платежное поручение
Номер=1
Дата=27.04.2024
Сумма=140000
ПлательщикСчет=40802000000000000055
ДатаСписано=27.04.2024
Плательщик=Петрова Галина Леонидовна
ПлательщикИНН=600000000004
ПлательщикКПП=5
ПлательщикРасчСчет=40802000000000000055
ПлательщикБанк1=СЕВЕРО-ЗАПАДНЫЙ БАНК ПАО СБЕРБАНК, г.Санкт-Петербург
ПлательщикБИК=044030653
ПлательщикКорсчет=30101000000000000053
ПолучательСчет=40817000000000000057
ДатаПоступило=
Получатель=Кузнецова Мария Сергеевна
ПолучательИНН=5
ПолучательКПП=5
ПолучательРасчСчет=40817000000000000057
ПолучательБанк1=СЕВЕРО-ЗАПАДНЫЙ БАНК ПАО СБЕРБАНК, г.Санкт-Петербург
ПолучательБИК=044030653
ПолучательКорсчет=30101000000000000053
ВидПлатежа=электронно
ВидОплаты=01
Код=
СтатусСоставителя=
ПоказательКБК=
ОКАТО=
ПоказательОснования=
ПоказательПериода=
ПоказательНомера=
ПоказательДаты=
ПоказательТипа=
Очередность=5
НазначениеПлатежа=Перевод средств
КонецДокумента
КонецФайла