1CClientBankExchange
ВерсияФормата=1.03
Кодировка=windows-1251
Отправитель=
Получатель=Иванов Иван Иванович
ДатаСоздания=09.03.2023
ВремяСоздания=10:42:04
ДатаНачала=09.01.2022
ДатаКонца=09.03.2023
РасчСчет=40802000000000000071
РасчСчет=40802000000000000069
СекцияРасчСчет
ДатаНачала=21.07.2022
ДатаКонца=21.07.2022
РасчСчет=40802000000000000071
НачальныйОстаток=0
ВсегоПоступило=91.23
ВсегоСписано=68.33
КонечныйОстаток=22.9
КонецРасчСчет
СекцияРасчСчет
ДатаНачала=27.07.2022
ДатаКонца=27.07.2022
РасчСчет=40802000000000000071
НачальныйОстаток=22.9
ВсегоПоступило=10106.78
ВсегоСписано=16.98
КонечныйОстаток=10112.7
КонецРасчСчет
СекцияРасчСчет
ДатаНачала=01.08.2022
ДатаКонца=01.08.2022
РасчСчет=40802000000000000071
НачальныйОстаток=10112.7
ВсегоПоступило=0
ВсегоСписано=31.35
КонечныйОстаток=10081.35
КонецРасчСчет
СекцияРасчСчет
ДатаНачала=02.08.2022
ДатаКонца=02.08.2022
РасчСчет=40802000000000000071
НачальныйОстаток=10081.35
ВсегоПоступило=6346.2
ВсегоСписано=10.66
КонечныйОстаток=16416.89
КонецРасчСчет
СекцияРасчСчет
ДатаНачала=09.08.2022
ДатаКонца=09.08.2022
РасчСчет=40802000000000000071
НачальныйОстаток=16416.89
ВсегоПоступило=0
ВсегоСписано=4100
КонечныйОстаток=12316.89
КонецРасчСчет
СекцияРасчСчет
ДатаНачала=12.08.2022
ДатаКонца=12.08.2022
РасчСчет=40802000000000000071
НачальныйОстаток=12316.89
ВсегоПоступило=6661.17
ВсегоСписано=11.2
КонечныйОстаток=18966.86
КонецРасчСчет
СекцияРасчСчет
ДатаНачала=26.08.2022
ДатаКонца=26.08.2022
РасчСчет=40802000000000000071
НачальныйОстаток=18966.86
ВсегоПоступило=0
ВсегоСписано=8000
КонечныйОстаток=10966.86
КонецРасчСчет
СекцияРасчСчет
ДатаНачала=01.09.2022
ДатаКонца=01.09.2022
РасчСчет=40802000000000000071
НачальныйОстаток=10966.86
ВсегоПоступило=0
ВсегоСписано=58.04
КонечныйОстаток=10908.82
КонецРасчСчет
СекцияРасчСчет
ДатаНачала=07.09.2022
ДатаКонца=07.09.2022
РасчСчет=40802000000000000071
НачальныйОстаток=10908.82
ВсегоПоступило=6308.44
ВсегоСписано=10.6
КонечныйОстаток=17206.66
КонецРасчСчет
СекцияРасчСчет
ДатаНачала=26.09.2022
ДатаКонца=26.09.2022
РасчСчет=40802000000000000071
НачальныйОстаток=17206.66
ВсегоПоступило=5092.44
ВсегоСписано=8.56
КонечныйОстаток=22290.54
КонецРасчСчет
СекцияРасчСчет
ДатаНачала=03.10.2022
ДатаКонца=03.10.2022
РасчСчет=40802000000000000071
НачальныйОстаток=22290.54
ВсегоПоступило=0
ВсегоСписано=60.99
КонечныйОстаток=22229.55
КонецРасчСчет
СекцияРасчСчет
ДатаНачала=31.10.2022
ДатаКонца=31.10.2022
РасчСчет=40802000000000000071
НачальныйОстаток=22229.55
ВсегоПоступило=0
ВсегоСписано=22000
КонечныйОстаток=229.55
КонецРасчСчет
СекцияРасчСчет
ДатаНачала=01.11.2022
ДатаКонца=01.11.2022
РасчСчет=40802000000000000071
НачальныйОстаток=229.55
ВсегоПоступило=4880.88
ВсегоСписано=65.49
КонечныйОстаток=5044.94
КонецРасчСчет
СекцияРасчСчет
ДатаНачала=29.11.2022
ДатаКонца=29.11.2022
РасчСчет=40802000000000000071
НачальныйОстаток=5044.94
ВсегоПоступило=6308.44
ВсегоСписано=10.6
КонечныйОстаток=11342.78
КонецРасчСчет
СекцияРасчСчет
ДатаНачала=01.12.2022
ДатаКонца=01.12.2022
РасчСчет=40802000000000000071
НачальныйОстаток=11342.78
ВсегоПоступило=0
ВсегоСписано=57.69
КонечныйОстаток=11285.09
КонецРасчСчет
СекцияРасчСчет
ДатаНачала=22.12.2022
ДатаКонца=22.12.2022
РасчСчет=40802000000000000071
НачальныйОстаток=11285.09
ВсегоПоступило=0
ВсегоСписано=5000
КонечныйОстаток=6285.09
КонецРасчСчет
СекцияРасчСчет
ДатаНачала=28.12.2022
ДатаКонца=28.12.2022
РасчСчет=40802000000000000071
НачальныйОстаток=6285.09
ВсегоПоступило=5356.89
ВсегоСписано=6294
КонечныйОстаток=5347.98
КонецРасчСчет
СекцияРасчСчет
ДатаНачала=29.12.2022
ДатаКонца=29.12.2022
РасчСчет=40802000000000000071
НачальныйОстаток=5347.98
ВсегоПоступило=0
ВсегоСписано=52.9
КонечныйОстаток=5295.08
КонецРасчСчет
СекцияРасчСчет
ДатаНачала=30.01.2023
ДатаКонца=30.01.2023
РасчСчет=40802000000000000071
НачальныйОстаток=5295.08
ВсегоПоступило=5110.88
ВсегоСписано=8.59
КонечныйОстаток=10397.37
КонецРасчСчет
СекцияРасчСчет
ДатаНачала=01.02.2023
ДатаКонца=01.02.2023
РасчСчет=40802000000000000071
НачальныйОстаток=10397.37
ВсегоПоступило=0
ВсегоСписано=53.22
КонечныйОстаток=10344.15
КонецРасчСчет
СекцияРасчСчет
ДатаНачала=08.02.2023
ДатаКонца=08.02.2023
РасчСчет=40802000000000000071
НачальныйОстаток=10344.15
ВсегоПоступило=0
ВсегоСписано=6285
КонечныйОстаток=4059.15
КонецРасчСчет
СекцияРасчСчет
ДатаНачала=28.02.2023
ДатаКонца=28.02.2023
РасчСчет=40802000000000000071
НачальныйОстаток=4059.15
ВсегоПоступило=13855.88
ВсегоСписано=23.28
КонечныйОстаток=17891.75
КонецРасчСчет
СекцияРасчСчет
ДатаНачала=01.03.2023
ДатаКонца=01.03.2023
РасчСчет=40802000000000000071
НачальныйОстаток=17891.75
ВсегоПоступило=0
ВсегоСписано=51.57
КонечныйОстаток=17840.18
КонецРасчСчет
СекцияРасчСчет
ДатаНачала=19.07.2022
ДатаКонца=19.07.2022
РасчСчет=40802000000000000069
НачальныйОстаток=0
ВсегоПоступило=91.23
ВсегоСписано=0
КонечныйОстаток=91.23
КонецРасчСчет
СекцияРасчСчет
ДатаНачала=21.07.2022
ДатаКонца=21.07.2022
РасчСчет=40802000000000000069
НачальныйОстаток=91.23
ВсегоПоступило=0
ВсегоСписано=91.23
КонечныйОстаток=0
КонецРасчСчет
СекцияРасчСчет
ДатаНачала=26.07.2022
ДатаКонца=26.07.2022
РасчСчет=40802000000000000069
НачальныйОстаток=0
ВсегоПоступило=10106.78
ВсегоСписано=0
КонечныйОстаток=10106.78
КонецРасчСчет
СекцияРасчСчет
ДатаНачала=27.07.2022
ДатаКонца=27.07.2022
РасчСчет=40802000000000000069
НачальныйОстаток=10106.78
ВсегоПоступило=0
ВсегоСписано=10106.78
КонечныйОстаток=0
КонецРасчСчет
СекцияРасчСчет
ДатаНачала=02.08.2022
ДатаКонца=02.08.2022
РасчСчет=40802000000000000069
НачальныйОстаток=0
ВсегоПоступило=6346.2
ВсегоСписано=6346.2
КонечныйОстаток=0
КонецРасчСчет
СекцияРасчСчет
ДатаНачала=10.08.2022
ДатаКонца=10.08.2022
РасчСчет=40802000000000000069
НачальныйОстаток=0
ВсегоПоступило=6661.17
ВсегоСписано=0
КонечныйОстаток=6661.17
КонецРасчСчет
СекцияРасчСчет
ДатаНачала=12.08.2022
ДатаКонца=12.08.2022
РасчСчет=40802000000000000069
НачальныйОстаток=6661.17
ВсегоПоступило=0
ВсегоСписано=6661.17
КонечныйОстаток=0
КонецРасчСчет
СекцияРасчСчет
ДатаНачала=06.09.2022
ДатаКонца=06.09.2022
РасчСчет=40802000000000000069
НачальныйОстаток=0
ВсегоПоступило=6308.44
ВсегоСписано=0
КонечныйОстаток=6308.44
КонецРасчСчет
СекцияРасчСчет
ДатаНачала=07.09.2022
ДатаКонца=07.09.2022
РасчСчет=40802000000000000069
НачальныйОстаток=6308.44
ВсегоПоступило=0
ВсегоСписано=6308.44
КонечныйОстаток=0
КонецРасчСчет
СекцияРасчСчет
ДатаНачала=22.09.2022
ДатаКонца=22.09.2022
РасчСчет=40802000000000000069
НачальныйОстаток=0
ВсегоПоступило=5092.44
ВсегоСписано=0
КонечныйОстаток=5092.44
КонецРасчСчет
СекцияРасчСчет
ДатаНачала=26.09.2022
ДатаКонца=26.09.2022
РасчСчет=40802000000000000069
НачальныйОстаток=5092.44
ВсегоПоступило=0
ВсегоСписано=5092.44
КонечныйОстаток=0
КонецРасчСчет
СекцияРасчСчет
ДатаНачала=26.10.2022
ДатаКонца=26.10.2022
РасчСчет=40802000000000000069
НачальныйОстаток=0
ВсегоПоступило=4880.88
ВсегоСписано=0
КонечныйОстаток=4880.88
КонецРасчСчет
СекцияРасчСчет
ДатаНачала=01.11.2022
ДатаКонца=01.11.2022
РасчСчет=40802000000000000069
НачальныйОстаток=4880.88
ВсегоПоступило=0
ВсегоСписано=4880.88
КонечныйОстаток=0
КонецРасчСчет
СекцияРасчСчет
ДатаНачала=28.11.2022
ДатаКонца=28.11.2022
РасчСчет=40802000000000000069
НачальныйОстаток=0
ВсегоПоступило=6308.44
ВсегоСписано=0
КонечныйОстаток=6308.44
КонецРасчСчет
СекцияРасчСчет
ДатаНачала=29.11.2022
ДатаКонца=29.11.2022
РасчСчет=40802000000000000069
НачальныйОстаток=6308.44
ВсегоПоступило=0
ВсегоСписано=6308.44
КонечныйОстаток=0
КонецРасчСчет
СекцияРасчСчет
ДатаНачала=26.12.2022
ДатаКонца=26.12.2022
РасчСчет=40802000000000000069
НачальныйОстаток=0
ВсегоПоступило=5356.89
ВсегоСписано=0
КонечныйОстаток=5356.89
КонецРасчСчет
СекцияРасчСчет
ДатаНачала=28.12.2022
ДатаКонца=28.12.2022
РасчСчет=40802000000000000069
НачальныйОстаток=5356.89
ВсегоПоступило=0
ВсегоСписано=5356.89
КонечныйОстаток=0
КонецРасчСчет
СекцияРасчСчет
ДатаНачала=27.01.2023
ДатаКонца=27.01.2023
РасчСчет=40802000000000000069
НачальныйОстаток=0
ВсегоПоступило=5110.88
ВсегоСписано=0
КонечныйОстаток=5110.88
КонецРасчСчет
СекцияРасчСчет
ДатаНачала=30.01.2023
ДатаКонца=30.01.2023
РасчСчет=40802000000000000069
НачальныйОстаток=5110.88
ВсегоПоступило=0
ВсегоСписано=5110.88
КонечныйОстаток=0
КонецРасчСчет
СекцияРасчСчет
ДатаНачала=27.02.2023
ДатаКонца=27.02.2023
РасчСчет=40802000000000000069
НачальныйОстаток=0
ВсегоПоступило=13855.88
ВсегоСписано=0
КонечныйОстаток=13855.88
КонецРасчСчет
СекцияРасчСчет
ДатаНачала=28.02.2023
ДатаКонца=28.02.2023
РасчСчет=40802000000000000069
НачальныйОстаток=13855.88
ВсегоПоступило=0
ВсегоСписано=13855.88
КонечныйОстаток=0
КонецРасчСчет

СекцияДокумент=Банковский ордер
Номер=824251
Дата=21.07.2022
Сумма=1.06
ПлательщикСчет=40802000000000000071
ДатаСписано=21.07.2022
Плательщик=Петров Петр Петрович
ПлательщикИНН=360000000014
ПлательщикКПП=2
ПлательщикРасчСчет=40802000000000000071
ПлательщикБанк1=АО "Райффайзенбанк" г. Москва
ПлательщикБИК=044525700
ПлательщикКорсчет=30101000000000000049
ПолучательСчет=60309000000000000051
Получатель=Сидоров Сидор Сидорович
ПолучательИНН=7700000010
ПолучательКПП=770000004
ПолучательРасчСчет=60309000000000000051
ПолучательБанк1=АО "Райффайзенбанк" г. Москва
ПолучательБИК=044525700
ПолучательКорсчет=30101000000000000049
ВидОплаты=17
ВидПлатежа=
КодНазПлатежа=
Код=
ОКАТО=
Очередность=
СтатусСоставителя=
ПоказательДаты=
ПоказательКБК=
ПоказательНомера=
ПоказательОснования=
ПоказательПериода=
ПоказательТипа=
НазначениеПлатежа=Оплата по договору
КонецДокумента

СекцияДокумент=Банковский ордер
Номер=824245
Дата=21.07.2022
Сумма=5.29
ПлательщикСчет=40802000000000000071
ДатаСписано=21.07.2022
Плательщик=Петров Петр Петрович
ПлательщикИНН=360000000014
ПлательщикКПП=2
ПлательщикРасчСчет=40802000000000000071
ПлательщикБанк1=АО "Райффайзенбанк" г. Москва
ПлательщикБИК=044525700
ПлательщикКорсчет=30101000000000000049
ПолучательСчет=47423000000000000055
Получатель=Сидоров Сидор Сидорович
ПолучательИНН=7700000010
ПолучательКПП=770000004
ПолучательРасчСчет=47423000000000000055
ПолучательБанк1=АО "Райффайзенбанк" г. Москва
ПолучательБИК=044525700
ПолучательКорсчет=30101000000000000049
ВидОплаты=17
ВидПлатежа=
КодНазПлатежа=
Код=
ОКАТО=
Очередность=
СтатусСоставителя=
ПоказательДаты=
ПоказательКБК=
ПоказательНомера=
ПоказательОснования=
ПоказательПериода=
ПоказательТипа=
НазначениеПлатежа=Перевод средств
КонецДокумента
СекцияДокумент=Банковский ордер
Номер=888247
Дата=21.07.2022
Сумма=30.99
ПлательщикСчет=40802000000000000071
ДатаСписано=21.07.2022
Плательщик=Петров Петр Петрович
ПлательщикИНН=360000000014
ПлательщикКПП=2
ПлательщикРасчСчет=40802000000000000071
ПлательщикБанк1=АО "Райффайзенбанк" г. Москва
ПлательщикБИК=044525700
ПлательщикКорсчет=30101000000000000049
ПолучательСчет=47423000000000000063
Получатель=Сидоров Сидор Сидорович
ПолучательИНН=7700000010
ПолучательКПП=770000004
ПолучательРасчСчет=47423000000000000063
ПолучательБанк1=АО "Райффайзенбанк" г. Москва
ПолучательБИК=044525700
ПолучательКорсчет=30101000000000000049
ВидОплаты=17
ВидПлатежа=
КодНазПлатежа=
Код=
ОКАТО=
Очередность=
СтатусСоставителя=
ПоказательДаты=
ПоказательКБК=
ПоказательНомера=
ПоказательОснования=
ПоказательПериода=
ПоказательТипа=
НазначениеПлатежа=Тестовая операция
КонецДокумента
СекцияДокумент=Банковский ордер
Номер=888253
Дата=21.07.2022
Сумма=30.99
ПлательщикСчет=40802000000000000071
ДатаСписано=21.07.2022
Плательщик=Петров Петр Петрович
ПлательщикИНН=360000000014
ПлательщикКПП=2
ПлательщикРасчСчет=40802000000000000071
ПлательщикБанк1=АО "Райффайзенбанк" г. Москва
ПлательщикБИК=044525700
ПлательщикКорсчет=30101000000000000049
ПолучательСчет=47423000000000000063
Получатель=Сидоров Сидор Сидорович
ПолучательИНН=7700000010
ПолучательКПП=770000004
ПолучательРасчСчет=47423000000000000063
ПолучательБанк1=АО "Райффайзенбанк" г. Москва
ПолучательБИК=044525700
ПолучательКорсчет=30101000000000000049
ВидОплаты=17
ВидПлатежа=
КодНазПлатежа=
Код=
ОКАТО=
Очередность=
СтатусСоставителя=
ПоказательДаты=
ПоказательКБК=
ПоказательНомера=
ПоказательОснования=
ПоказательПериода=
ПоказательТипа=
НазначениеПлатежа=Услуги
КонецДокумента
СекцияДокумент=Прочее
Номер=647015
Дата=21.07.2022
Сумма=91.23
ПлательщикСчет=40802000000000000069
Плательщик=Петров Петр Петрович
ПлательщикИНН=360000000014
ПлательщикКПП=2
ПлательщикРасчСчет=40802000000000000069
ПлательщикБанк1=АО "Райффайзенбанк" г. Москва
ПлательщикБИК=044525700
ПлательщикКорсчет=30101000000000000049
ПолучательСчет=40802000000000000071
ДатаСписано=21.07.2022
Получатель=Петров Петр Петрович
ПолучательИНН=360000000014
ПолучательКПП=2
ПолучательРасчСчет=40802000000000000071
ПолучательБанк1=АО "Райффайзенбанк" г. Москва
ПолучательБИК=044525700
ПолучательКорсчет=30101000000000000049
ВидОплаты=01
ВидПлатежа=
КодНазПлатежа=
Код=
ОКАТО=
Очередность=
СтатусСоставителя=
ПоказательДаты=
ПоказательКБК=
ПоказательНомера=
ПоказательОснования=
ПоказательПериода=
ПоказательТипа=
НазначениеПлатежа=Платеж за услуги
КонецДокумента

СекцияДокумент=Прочее
Номер=471009
Дата=27.07.2022
Сумма=10106.78
ПлательщикСчет=40802000000000000069
Плательщик=Петров Петр Петрович
ПлательщикИНН=360000000014
ПлательщикКПП=2
ПлательщикРасчСчет=40802000000000000069
ПлательщикБанк1=АО "Райффайзенбанк" г. Москва
ПлательщикБИК=044525700
ПлательщикКорсчет=30101000000000000049
ПолучательСчет=40802000000000000071
ДатаПоступило=27.07.2022
Получатель=Петров Петр Петрович
ПолучательИНН=360000000014
ПолучательКПП=2
ПолучательРасчСчет=40802000000000000071
ПолучательБанк1=АО "Райффайзенбанк" г. Москва
ПолучательБИК=044525700
ПолучательКорсчет=30101000000000000049
ВидОплаты=01
ВидПлатежа=
КодНазПлатежа=
Код=
ОКАТО=
Очередность=
СтатусСоставителя=
ПоказательДаты=
ПоказательКБК=
ПоказательНомера=
ПоказательОснования=
ПоказательПериода=
ПоказательТипа=
НазначениеПлатежа=Платеж за услуги
КонецДокумента

КонецФайла