1CClientBankExchange
ВерсияФормата=1.03
Кодировка=Windows
ДатаСоздания=29.02.2024
Получатель=Иванов Иван Иванович
ДатаНачала=29.02.2024
ДатаКонца=29.02.2024
РасчСчет=40802000000000000011
СекцияРасчСчет
ДатаНачала=29.02.2024
ДатаКонца=29.02.2024
РасчСчет=40802000000000000011
НачальныйОстаток=107728.7
ВсегоПоступило=207459
ВсегоСписано=4900
КонечныйОстаток=310287.7
КонецРасчСчет
СекцияДокумент=Платежное поручение
Номер=6502
Дата=29.02.2024
Сумма=4900
ПлательщикСчет=40802000000000000011
ДатаСписано=29.02.2024
Плательщик=Петров Петр Петрович
ПлательщикИНН=180000000005
ПлательщикКПП=590000002
Плательщик1=Петров Петр Петрович
Плательщик4=
ПлательщикБанк1=Пермский Филиал АО ЮниКредит Банка
ПлательщикБИК=045773873
ПлательщикКорСчет=30101000000000000007
ПолучательСчет=70601000000000000006
ДатаПоступило=
Получатель=Сидоров Сидор Сидорович
ПолучательИНН=7700000003
ПолучательКПП=590000002
ПолучательРасчСчет=70601000000000000006
Получатель1=Сидоров Сидор Сидорович
ПолучательБанк1=Пермский Филиал АО ЮниКредит Банка
ПолучательБИК=045773873
ПолучательКорСчет=30101000000000000007
ВидПлатежа=
КодНазПлатежа=
ВидОплаты=09
Код=
СрокАкцепта=
УсловиеОплаты1=
СтатусСоставителя=
ПоказательКБК=
ОКАТО=
ПоказательОснования=
ПоказательПериода=
ПоказательНомера=
ПоказательДаты=
ПоказательТипа=
Очередность=
НазначениеПлатежа=Оплата по договору
КонецДокумента
СекцияДокумент=Платежное поручение
Номер=FDC240
Дата=29.02.2024
Сумма=207459
ПлательщикСчет=006780000008
ДатаСписано=
Плательщик=Петрова Галина Леонидовна
ПлательщикИНН=4
ПлательщикКПП=4
Плательщик1=Петрова Галина Леонидовна
Плательщик4=
ПлательщикБанк1=NEW YORK NY USA
ПлательщикБИК=
ПлательщикКорСчет=30114000000000000009
ПолучательСчет=40802000000000000011
ДатаПоступило=29.02.2024
Получатель=Кузнецова Мария Сергеевна
ПолучательИНН=180000000005
ПолучательКПП=4
ПолучательРасчСчет=40802000000000000011
Получатель1=Кузнецова Мария Сергеевна
ПолучательБанк1=UniCredit Bank
ПолучательБИК=
ПолучательКорСчет=12
ВидПлатежа=
КодНазПлатежа=
ВидОплаты=01
Код=
СрокАкцепта=
УсловиеОплаты1=
СтатусСоставителя=
ПоказательКБК=
ОКАТО=
ПоказательОснования=
ПоказательПериода=
ПоказательНомера=
ПоказательДаты=
ПоказательТипа=
Очередность=
НазначениеПлатежа=Перевод средств
КонецДокумента
КонецФайла