1CClientBankExchange
ВерсияФормата=1.03
Кодировка=Windows
Отправитель=ООО "ОЗОН БАНК"
Получатель=Иванов Иван Иванович
ДатаСоздания=11.06.2024
ВремяСоздания=15:36:40
ДатаНачала=01.05.2024
ДатаКонца=11.06.2024
РасчСчет=40802000000000000002
СекцияРасчСчет
ДатаНачала=01.05.2024
ДатаКонца=11.06.2024
РасчСчет=40802000000000000002
НачальныйОстаток=0.00
ВсегоПоступило=217546.11
ВсегоСписано=0.00
КонечныйОстаток=217546.11
КонецРасчСчет
КонецФайла
